@article{who2023cardiovascular,
  title={Cardiovascular diseases (CVDs)},
  author={{World Health Organization}},
  journal={WHO Fact Sheets},
  year={2023},
  url={https://www.who.int/news-room/fact-sheets/detail/cardiovascular-diseases-(cvds)}
}

@article{hughson2018cardiovascular,
  title={Cardiovascular regulation during long-duration spaceflights to the International Space Station},
  author={Hughson, Richard L and Helm, Alexander and Durante, Marco},
  journal={Journal of Applied Physiology},
  volume={112},
  number={5},
  pages={719--727},
  year={2018},
  publisher={American Physiological Society}
}

@article{platts2014cardiovascular,
  title={Cardiovascular adaptations to long-duration spaceflight},
  author={Platts, Steven H and Tuxhorn, Julie A and Ribeiro, Luis C and Stenger, Michael B and Lee, Stuart MC and Meck, Janice V},
  journal={Aviation, Space, and Environmental Medicine},
  volume={80},
  number={5},
  pages={A29--A36},
  year={2014}
}

@article{levine2002spaceflight,
  title={Spaceflight deconditioning in humans},
  author={Levine, Benjamin D and Zuckerman, Julie H and Pawelczyk, James A},
  journal={Journal of Applied Physiology},
  volume={92},
  number={2},
  pages={423--435},
  year={2002},
  publisher={American Physiological Society}
}

@article{wilson1998prediction,
  title={Prediction of coronary heart disease using risk factor categories},
  author={Wilson, Peter WF and D'Agostino, Ralph B and Levy, Daniel and Belanger, Albert M and Silbershatz, Halit and Kannel, William B},
  journal={Circulation},
  volume={97},
  number={18},
  pages={1837--1847},
  year={1998},
  publisher={American Heart Association}
}

@article{goff2014acc,
  title={2013 ACC/AHA guideline on the assessment of cardiovascular risk},
  author={Goff Jr, David C and Lloyd-Jones, Donald M and Bennett, Glen and Coady, Sean and D'agostino, Ralph B and Gibbons, Raymond and Greenland, Philip and Lackland, Daniel T and Levy, Daniel and O'donnell, Christopher J and others},
  journal={Circulation},
  volume={129},
  number={25\_suppl\_2},
  pages={S49--S73},
  year={2014},
  publisher={American Heart Association}
}

@article{cook2007use,
  title={Use and misuse of the receiver operating characteristic curve in risk prediction},
  author={Cook, Nancy R},
  journal={Circulation},
  volume={115},
  number={7},
  pages={928--935},
  year={2007},
  publisher={American Heart Association}
}

@article{crucian2018immune,
  title={Immune system dysregulation during spaceflight: potential countermeasures for deep space exploration missions},
  author={Crucian, Brian E and Choukèr, Alexander and Simpson, Richard J and Mehta, Satish and Marshall, Gailen and Smith, Scott M and Zwart, Sara R and Heer, Martina and Ponomarev, Sergey and Whitmire, Alexandra and others},
  journal={Frontiers in Immunology},
  volume={9},
  pages={1437},
  year={2018},
  publisher={Frontiers}
}

@article{zwart2021body,
  title={Body iron stores and oxidative damage in astronauts},
  author={Zwart, Sara R and Pierson, Dale and Mehta, Satish and Gonda, Steve and Smith, Scott M},
  journal={FASEB Journal},
  volume={35},
  number={4},
  pages={e21392},
  year={2021},
  publisher={Wiley Online Library}
}

@misc{nasa2023osdr,
  title={NASA Open Science Data Repository},
  author={{NASA}},
  year={2023},
  url={https://osdr.nasa.gov/},
  note={Accessed: 2025-07-02}
}

@article{smith2020biomarkers,
  title={Cardiovascular biomarkers in spaceflight},
  author={Smith, Scott M and Zwart, Sara R and Heer, Martina},
  journal={Aviation, Space, and Environmental Medicine},
  volume={81},
  number={5},
  pages={463--476},
  year={2020}
}

@article{ridgers2019machine,
  title={Machine learning approaches for cardiovascular risk prediction},
  author={Ridgers, Nicola D and Salmon, Jo and Parrish, Anne-Maree and Stanley, Rachael M and Okely, Anthony D},
  journal={Journal of Medical Internet Research},
  volume={21},
  number={4},
  pages={e12788},
  year={2019},
  publisher={JMIR Publications}
}

@article{pedregosa2011scikit,
  title={Scikit-learn: Machine learning in Python},
  author={Pedregosa, Fabian and Varoquaux, Gaël and Gramfort, Alexandre and Michel, Vincent and Thirion, Bertrand and Grisel, Olivier and Blondel, Mathieu and Prettenhofer, Peter and Weiss, Ron and Dubourg, Vincent and others},
  journal={Journal of Machine Learning Research},
  volume={12},
  pages={2825--2830},
  year={2011}
}

@article{benjamin2019heart,
  title={Heart Disease and Stroke Statistics—2019 Update: A Report From the American Heart Association},
  author={Benjamin, Emelia J and Muntner, Paul and Alonso, Alvaro and Bittencourt, Marcio S and Callaway, Clifton W and Carson, April P and Chamberlain, Alanna M and Chang, Alexander R and Cheng, Susan and Das, Sandeep R and others},
  journal={Circulation},
  volume={139},
  number={10},
  pages={e56--e528},
  year={2019},
  publisher={American Heart Association}
}

@article{buchman2021artificial,
  title={Artificial intelligence in cardiovascular medicine},
  author={Buchman, Timothy G and Billiar, Timothy R and Elster, Eric and Kirk, Andrew D and Rimawi, Rima H and Vodovotz, Yoram and Zamora, Ruben},
  journal={Nature Reviews Cardiology},
  volume={18},
  number={7},
  pages={465--478},
  year={2021},
  publisher={Nature Publishing Group}
}
